<?xml version="1.0" encoding="UTF-8"?>
<record xmlns="http://www.loc.gov/MARC21/slim" xmlns:xsi="http://www.w3.org/2001/XMLSchema-instance" xsi:schemaLocation="http://www.loc.gov/MARC21/slim http://www.loc.gov/standards/marcxml/schema/MARC21slim.xsd">
<leader>     nam a22002891  4500</leader>
<controlfield tag="001">001701233</controlfield>
<controlfield tag="003">NNU</controlfield>
<controlfield tag="005">20061010173344.0</controlfield>
<controlfield tag="008">000824m19559999ua            000 0carar</controlfield>
<datafield tag="010" ind1=" " ind2=" ">
<subfield code="a">70961056 /NE</subfield>
</datafield>
<datafield tag="035" ind1="9" ind2=" ">
<subfield code="a">NYUb12249846</subfield>
</datafield>
<datafield tag="035" ind1=" " ind2=" ">
<subfield code="a">(NNU)NYUb12249846</subfield>
</datafield>
<datafield tag="040" ind1=" " ind2=" ">
<subfield code="a">DLC</subfield>
<subfield code="c">WAU</subfield>
<subfield code="d">WAU</subfield>
<subfield code="d">CGU</subfield>
<subfield code="d">CStRLIN</subfield>
</datafield>
<datafield tag="043" ind1=" " ind2=" ">
<subfield code="a">a-ye---</subfield>
</datafield>
<datafield tag="050" ind1="0" ind2=" ">
<subfield code="a">DS247.Y47</subfield>
<subfield code="b">Z3</subfield>
</datafield>
<datafield tag="066" ind1=" " ind2=" ">
<subfield code="c">(3</subfield>
<subfield code="c">(4</subfield>
</datafield>
<datafield tag="090" ind1=" " ind2=" ">
<subfield code="a">DS247.Y45</subfield>
<subfield code="b">Z3n</subfield>
</datafield>
<datafield tag="100" ind1="1" ind2=" ">
<subfield code="6">880-01</subfield>
<subfield code="a">Zabārah, Muḥammad ibn Muḥammad,</subfield>
<subfield code="d">1883-1961.</subfield>
</datafield>
<datafield tag="245" ind1="1" ind2="0">
<subfield code="6">880-02</subfield>
<subfield code="a">Aʼimmat al-Yaman bi-al-qarn al-rābiʻ lil-Hijrah wa-wafāyāt aʻlām aʻwāmihim ilá sanat 1375 H.</subfield>
<subfield code="c">Min majāmīʻ Muḥammad ibn Muḥammad ibn Yaḥyá ibn ʻAbd Allāh ibn Aḥmad ibn Ismāʻīl ibn al-Ḥusayn ibn Aḥmad Zabārah al-Ḥasanī al-Ṣanʻānī.</subfield>
</datafield>
<datafield tag="260" ind1=" " ind2=" ">
<subfield code="6">880-03</subfield>
<subfield code="a">[al-Qāhirah] :</subfield>
<subfield code="b">al-Maṭabaʻah al-Salafīyah wa-Maktabatuhā,</subfield>
<subfield code="c">1376[1955 or 6-</subfield>
</datafield>
<datafield tag="300" ind1=" " ind2=" ">
<subfield code="a">v.</subfield>
<subfield code="c">26 cm.</subfield>
</datafield>
<datafield tag="500" ind1=" " ind2=" ">
<subfield code="a">Forms v. 5 of the author's Aʼimmat al-Yaman. Cf. pref.</subfield>
</datafield>
<datafield tag="500" ind1=" " ind2=" ">
<subfield code="a">"al-Imām al-Hādī Sharaf al-Dīn: daʻwatuhu sanat 1296 wa-wafātuhu sanat 1307 H. al-Imām al-Manṣūr Muḥammad ibn Yaḥyá Ḥamīd al-Dīn: daʻwatuhu 1307 wa-wafātuhu 1322. Najluhu al-Imām al-Shahīd al-Mutawakkil ʻalá Allāh Yaḥyá: daʻwatuhu 1322 wa-wafātuhu 1367. Najluhu khalīfat al-ʻaṣr al-Imām al-Nāṣir Aḥmad: daʻwatuhu 1367" - t.p.</subfield>
</datafield>
<datafield tag="651" ind1=" " ind2="0">
<subfield code="a">Yemen (Republic)</subfield>
<subfield code="x">History.</subfield>
</datafield>
<datafield tag="880" ind1="1" ind2=" ">
<subfield code="6">100-01/</subfield>
<subfield code="a">زبارة، محمد بن محمد.</subfield>
</datafield>
<datafield tag="880" ind1="1" ind2="0">
<subfield code="6">245-02/</subfield>
<subfield code="a">أئمة اليمن بالقرن الرابع عشر للهجرة، ووفيات أعلام اعوامهم الى سنة ١٣٧٥ه /</subfield>
<subfield code="c">من مجاميع محمد بن محمد بن يحيى بن عبد الله بن أحمد بن اسماعيل بن الحسين بن أحمد زبارة الحسني الصنعاني.</subfield>
</datafield>
<datafield tag="880" ind1=" " ind2=" ">
<subfield code="6">260-03/</subfield>
<subfield code="a">[القاهرة]:</subfield>
<subfield code="b">مطبعة السلفية ومكتباتها،</subfield>
<subfield code="c">١٣٧٦.</subfield>
</datafield>
<datafield tag="OWN" ind1=" " ind2=" ">
<subfield code="a">GENERAL</subfield>
</datafield>
<datafield tag="998" ind1=" " ind2=" ">
<subfield code="a">20010429</subfield>
<subfield code="d">20010429</subfield>
<subfield code="d">20010429</subfield>
<subfield code="n">NNU</subfield>
<subfield code="s">6</subfield>
<subfield code="t">c</subfield>
<subfield code="z">e</subfield>
</datafield>
<datafield tag="AVA" ind1=" " ind2=" ">
<subfield code="a">NYU50</subfield>
<subfield code="b">BOBST</subfield>
<subfield code="c">Main Collection</subfield>
<subfield code="d">DS247.Y45 Z3n</subfield>
<subfield code="e">unavailable</subfield>
<subfield code="t">Unavailable</subfield>
<subfield code="f">1</subfield>
<subfield code="g">1</subfield>
<subfield code="h">N</subfield>
<subfield code="i">0</subfield>
<subfield code="j">MAIN</subfield>
<subfield code="k">0</subfield>
</datafield>
</record>
